@book{Moody1998,
	abstract = {This text explains the concepts of supervisory control and discrete event systems. It also provides the background material on general Petri net theory necessary for using the control techniques described. A large number of examples are used to illustrate the concepts and techniques, and there are plenty of references. Sommaire Petri nets. Invariant based conrtol design. Uncontrollable and unobservable transitions. Constraint transformation and controller synthesis. Resource management and deadlock avoidance. Other control specifications. Example applications.},
	author = {John O. Moody and Panos J. Antsaklis},
	doi = {10.1007/978-1-4615-5711-1},
	journal = {Supervisory Control of Discrete Event Systems Using Petri Nets},
	publisher = {Springer US},
	title = {Supervisory Control of Discrete Event Systems Using Petri Nets},
	year = {1998},
}
@BOOK{subionosistemkontrol,
	author={Subiono},
	title={Sistem Linear dan Kontrol Optimal Version 2.2.1}, 
	year={2021},
	publisher = "Buku Ajar Program Studi Matematika Institut Teknologi Sepuluh Nopember",
	address   = "Surabaya"}

@mastersthesis{tesistri2015,
	author       = {Utomo, Tri and Subiono}, 
	title        = {Struktur Hirarkis Jalur Kereta Api Semi-Double Track Menggunakan Petri Net dan Aljabar Max-Plus},
	school       = {Institut Teknologi Sepuluh Nopember},
	year         = 2015,
	address      = {Surabaya}
}

@article{,
   title = {MaxPlusKomtrol2020},
}

% ===========================================================================
